@book{ancilotti:so,
  author = {Ancilotti, Paolo and Boari, Maurelio and Ciampolini, Anna and Lipari, Giuseppe},
  title = {Sistemi operativi},
  publisher = {McGraw-Hill},
  date = {2008},
  edition = {2},
}

@book{frosini:architetturacalcolatori,
  author = {Frosini, Graziano and Lettieri, Giuseppe},
  title = {Architettura dei Calcolatori},
  publisher = {Pisa University Press},
  date = {2013},
  volume = {2},
}
